@TechReport{AMMT,
  author = 	"Andrew Appel and David MacQueen and Robin Milner and
		 Mads Tofte",
  title = 	"Unifying Exceptions with Constructors in {Standard ML}",
  institution = "Laboratory for Foundations of Computer Science,
		 Edinburgh University",
  year = 	"1988",
  type = 	"LFCS Report Series",
  number = 	"ECS-LFCS-88-55",
  address = 	"Mayfield Rd., EH9 3JZ Edinburgh, U.K.",
  month = 	"June"
}

@TechReport{Aug,
  author = 	 "Lennart Augustsson and Thomas Johnsson",
  title = 	 "Lazy {ML} User's Manual",
  institution =  "Department of Computer Science, Chalmers University of
		  Technology",
  year = 	 1987
}

@TechReport{BRTT,
  author = 	"Lars Birkedal and Nick Rothwell and Mads Tofte and David
		  N. Turner",
  title = 	"The {ML} {Kit} ({Version} 1)",
  institution = "Department of Computer Science, University of
		 Copenhagen, Universitetsparken 1, DK-2100 Copenhagen",
  year = 	"1993",
  number = 	"DIKU-report 93/14"
}

@inproceedings{ BMS,
	author="Rod Burstall and David MacQueen and Donald Sannella",
	title="{HOPE}: {A}n Experimental Applicative Language",
	booktitle="Proc. 1980 {LISP} Conference",
	publisher="Stanford University",
	address="Stanford, California",
	year=1980,
	pages="136--143"
}

@inproceedings{ BG,
	author="Rod Burstall and Joseph A. Goguen",
	title="Putting Theories Together to Make Specifications",
	booktitle="Proc. Fifth Int'l Joint Conf. on Artificial Intelligence",
	year=1977,
	pages="1045--1058"
}

@InProceedings{BP,
  author = 	 "R. M. Burstall and R. Popplestone",
  title = 	 "{POP-2} Reference Manual",
  editor =	 "Dale and Michie",
  booktitle =	 "Machine Intelligence 2",
  year =	 1968,
  publisher =	 "Oliver and Boyd"
}

@article	( CCM,
key	=	"Cousineau87" ,
author	=	"Guy Cousineau and Pierre-Louis Curien and Michel
Mauny" ,
title	=	"The Categorical Abstract Machine" ,
journal	=	"Science of Computer Programming" ,
volume	=	"8" ,
month	=	"May" ,
year	=	"1987"
)

@Article{Cur,
  author = 	 "H. B. Curry",
  title = 	 "Modified Basic Functionality in Combinatory Logic",
  journal =	 "Dialectica",
  year =	 1969,
  volume =	 23,
  pages =	 "83--92"
}

@phdthesis{ Dam,
	author="Luis Manuel Martins Damas",
	title="Type Assignment in Programming Languages",
	school="Edinburgh University",
	year=1985
}

@inproceedings{ DM,
	author="Luis Damas and Robin Milner",
	title="Principal Type Schemes for Functional Programs",
	booktitle="Proc. Ninth ACM Symposium on Principles
		  of Programming Languages",
	year=1982,
	pages="207--212"
}

@InProceedings{ Des,
        crossref="kahn+:types",
	Author="Thierry Despeyroux",
	Title="Executable Specifications of Static Semantics"
}

@proceedings{kahn+:types,
	editor="Gilles Kahn and David MacQueen and Gordon Plotkin",
	title="Semantics of Data Types",
        booktitle="Semantics of Data Types",
	publisher="Springer Verlag",
	year=1984,
        month=jun,
	series="Lecture Notes in Computer Science",
	volume=173
}



@InProceedings{GMMNW,
  author = 	 "M.J.C. Gordon and R. Milner and L. Morris and M.C. Newey and
		  C.P. Wadsworth",
  title = 	 "A Metalanguage for Interactive Proof in {LCF}",
  booktitle =	 "Proc. Fifth ACM Symposium on Principles of Programming
		  Languages",
  year =	 1978,
  address =	 "Tucson, AZ"
}

@book{	GMW,
	author="Michael Gordon and Robin Milner and Christopher Wadsworth",
	title="{E}dinburgh {LCF}: A Mechanized Logic of Computation",
	publisher="Springer Verlag",
	year=1979,
	series="Lecture Notes in Computer Science",
	volume=78
}

@techreport{ Har,
	author="Robert Harper",
	title="Introduction to {S}tandard {ML}",
	institution="Laboratory for Foundations of Computer Science, Edinburgh
		  University",
	number="ECS--LFCS--86--14",
	month=sep, year=1986
}

@InProceedings{HL,
  author = 	 "Robert Harper and Mark Lillibridge",
  title = 	 "A Type-Theoretic Approach to Higher-Order Modules with
		  Sharing",
  pages = 	 "123--137",
  booktitle =    "Proc. Twenty-First ACM Symposium on Principles of
		  Programming Languages",
  year = 	 1994,
  address = 	 "Portland, OR",
  month = 	 "January"
}

@TechReport{SH,
  author = 	 "Chris Stone and Robert Harper",
  title = 	 "A Type-Theoretic Account of {Standard ML 1996}",
  institution =  "School of Computer Science, Carnegie Mellon University",
  year = 	 1996,
  number =	 "CMU-CS-96-136",
  address =	 "School of Computer Science, Carnegie Mellon University,
		  Pittsburgh, PA 15213-3891",
  month =	 "May"
}


@article{ Hin,
	author="J. Roger Hindley",
	title="The Principal Type Scheme of an Object in Combinatory Logic",
	journal="Transactions of the American Mathematical Society",
	volume=146,
	year=1969,
	pages="29--40"
}

@Article{HM,
  author = 	 "Robert Harper and John C. Mitchell",
  title = 	 "On the Type Structure of {S}tandard {ML}",
  journal = 	 "ACM Trans. on Prog. Lang. and Sys.",
  year = 	 "1993",
  volume = 	 "15",
  number = 	 "2",
  pages = 	 "211--252",
  month = 	 "April"
}



@techreport{ HMM,
	author="Robert Harper and David MacQueen and Robin Milner",
	title="{S}tandard {ML}",
	institution="Laboratory for Foundations of Computer Science, Edinburgh
		  University",
	year=1986,
	number="{ECS--LFCS--86--2}",
	month=mar
}

@techreport{ ML1,
	author="Robert Harper and Robin Milner and Mads Tofte",
	title="The Semantics of {Standard ML}, Version 1",
	institution="Laboratory for Foundations of Computer Science, Edinburgh
		  University",
	number="ECS--LFCS--87--36",
	month=aug, year=1987
}

@TechReport{ ML2,
	Author="Robert Harper and Robin Milner and Mads Tofte",
	Title="The Definition of {Standard ML}, Version 2",
	Institution="Laboratory for Foundations of Computer Science, Edinburgh
		  University",
	Number="ECS--LFCS--88--62",
	Month=aug,
	Year="1988"
}

@TechReport{ ML3,
	Author="Robert Harper and Robin Milner and Mads Tofte",
	Title="The Definition of {Standard ML}, Version 3",
	Institution="Laboratory for Foundations of Computer Science, Edinburgh
		  University",
	Number="ECS--LFCS--89--81",
	Year="1989"
}

@Article{ Lan,
  author = 	 "Peter J. Landin",
  title = 	 "The Next 700 Programming Languages",
  journal =	 "Comm. ACM",
  year =	 1966,
  volume =	 9,
  number =	 3,
  pages =	 "57--164"
}

@InProceedings{Ler1,
  author = 	 "Xavier Leroy",
  title = 	 "Polymorphism by Name",
  booktitle = 	 "Proc. Twentieth ACM Symposium on Principles of Programming
		  Languages",
  year = 	 1993,
  month = 	 "January"
}


@InProceedings{Mac,
  author = 	 "David. B. MacQueen",
  title = 	 "Structures and Parameterisation in a Typed Functional
		  Language",
  booktitle =	 "Proc. Symposium on Functional Programming and Computer
		  Architecture",
  year =	 1981,
  address =	 "Aspinas, Sweden"
}

@inproceedings{ Mac2,
	author="David MacQueen",
	title="Using Dependent Types to Express Modular Structure",
	booktitle="Proc. Thirteenth ACM Symposium on Principles of Programming
		  Languages",
	year=1986
}

@Book{McC,
  author = 	 "John McCarthy",
  title = 	 "{LISP 1.5} Programmer's Manual",
  publisher = 	 "MIT Press",
  year = 	 1956
}

@Article{Mer,
  author = 	 "D. Meredith",
  title = 	 "In Memoriam {C}arew {A}rthur {M}eredith",
  journal =	 "Notre Dame Journal of Formal Logic",
  year =	 1977,
  volume =	 18,
  pages =	 "513--516"
}

@article{ Mil1,
	author="Robin Milner",
	title="A Theory of Type Polymorphism in Programming Languages",
	journal="J. Computer and Systems Sciences",
	volume=17, year=1978, pages="348--375"
}

@article{ Mil2,
	author="Robin Milner",
	title="How {ML} Evolved",
	journal="Polymorphism: The {ML/LCF/Hope} Newsletter",
	volume=1, number=1, year=1983
}

@TechReport{Mil3,
  author = 	 "Robin Milner",
  title = 	 "Changes to the {Standard ML} Core Language",
  institution =  "Laboratory for Foundations of Computer Science, Edinburgh
		  University",
  year = 	 1987,
  number =	 "ECS-LFCS-87-33"
}

@PhdThesis{Mor,
  author = 	 "James H. Morris",
  title = 	 "Lambda Calculus Models of Programming Languages",
  school = 	 "MIT",
  year = 	 1968
}

@Book{Pau,
  author = 	 "Lawrence C. Paulson",
  title = 	 "Logic and Computation: Interactive Proof with {LCF}",
  publisher = 	 "Cambridge University Press",
  year = 	 1987,
  series =	 "Cambridge Tracts in Theoretical Computer Science"
}

@techreport{ Plo,
	author="Gordon Plotkin",
	title="A Structural Approach to Operational Semantics",
	institution="Computer Science Department, Aarhus University",
	number="DAIMI--FN--19",
	year=1981
}

@article{ Rob,
	author="John A. Robinson",
	title="A Machine-Oriented Logic Based on the Resolution Principle",
	journal="J. ACM",
	year=1965,
	volume=12,
        number=1,
	pages="23--41"
}

@inproceedings{ ST,
	author="Donald Sannella and Andrzej Tarlecki",
	title="Program Specification and Development in {Standard} {ML}",
	booktitle="Proc. Twelfth ACM Symposium on Principles of Programming
		  Languages",
        address="New Orleans",
	year=1985
}

@InProceedings{Tar,
  author = 	 "David Tarditi and Greg Morrisett and Perry Cheng and Chris
		  Stone and Robert Harper and Peter Lee",
  title = 	 "{TIL}: A Type-Directed Optimizing Compiler for {ML}",
  booktitle =	 "Proc. ACM SIGPLAN Symposium on Programming Language Design
		  and Implementation",
  year =	 1996,
  address =	 "Philadelphia, PA",
  month =	 "May"
}


@Article{Tof-a,
  author = 	"Mads Tofte",
  title = 	"Type Inference for Polymorphic References",
  journal = 	"Information and Computation",
  year = 	"1990",
  volume = 	"89",
  number = 	"1",
  month = 	"November"
}

@Book{Wik,
  author = 	"\AA ke Wikstr{\"o}m",
  title = 	"Functional Programming Using Standard ML",
  publisher = 	"Prentice Hall",
  year = 	"1987",
  editor = 	"C.A.R. Hoare",
  series = 	"Series in Computer Science"
}

}


